@article{heck95,
	year={2008},
	isbn={978-3-540-85065-6},
	booktitle={Innovations in Bayesian Networks},
	volume={156},
	series={Studies in Computational Intelligence},
	editor={Holmes, DawnE. and Jain, LakhmiC.},
	doi={10.1007/978-3-540-85066-3_3},
	title={A Tutorial on Learning with Bayesian Networks},
	url={http://dx.doi.org/10.1007/978-3-540-85066-3_3},
	publisher={Springer Berlin Heidelberg},
	author={Heckerman, David},
	pages={33-82},
	language={English}
}

@book{korb2004,
	title = "Bayesian artificial intelligence",
	author = "Korb, Kevin B. and Nicholson, Ann E.",
	series = "Chapman \& Hall / CRC computer science and data analysis",
	publisher = "Chapman \& Hall/CRC",
	address = "Boca Raton, Fla., London",
	url = "http://opac.inria.fr/record=b1117104",
	isbn = "1-584-88387-1",
	year = 2004
}

@book{venn66,
	title = "Logic of Chance"
	year = 1866
}

@article{bayes63,
	author        = "Thomas Bayes",
	title         = "An Essay towards solving a Problem in the Doctrine of Chances. By the late Rev. Mr. Bayes, F. R. S. communicated by Mr. Price, in a letter to John Canton, M. A. and F. R. S.",
	journal       = "Philosophical Transactions of the Royal Society",
	volume        = "53",
	pages         = "370-418",
	year          = "1763",
}

@book{laplace12,
	title={Pierre-Simon Laplace Philosophical Essay on Probabilities: Translated from the fifth French edition of 1825 With Notes by the Translator},
	author={Laplace, P.S. and Dale, A.I.},
	isbn={9781461241843},
	series={Sources in the History of Mathematics and Physical Sciences},
	url={https://books.google.com.br/books?id=5vPxBwAAQBAJ},
	year={2012},
	publisher={Springer New York}
}

@incollection{lewis80,
	booktitle = {Studies in Inductive Logic and Probability},
	publisher = {University of California Press},
	title = {A Subjectivist's Guide to Objective Chance},
	author = {David Lewis},
	year = {1980},
	editor = {Richard C. Jeffrey},
	pages = {83--132},
	volume = {2}
}

@book{kolmogorov33,
	added-at = {2008-02-26T11:58:58.000+0100},
	author = {Kolmogorov, A. N.},
	biburl = {http://www.bibsonomy.org/bibtex/2f946adbb0a205c986007b79b703bc405/schaul},
	citeulike-article-id = {2381346},
	description = {idsia},
	interhash = {a8c03d400cd605c93c33a88fbf791de9},
	intrahash = {f946adbb0a205c986007b79b703bc405},
	keywords = {juergen},
	priority = {2},
	publisher = {Springer, Berlin},
	timestamp = {2008-02-26T12:00:04.000+0100},
	title = {{Grundbegriffe der Wahrscheinlichkeitsrechnung}},
	year = 1933
}

